<?xml version="1.0" encoding="UTF-8"?><record xmlns="http://www.loc.gov/MARC21/slim" xmlns:cinclude="http://apache.org/cocoon/include/1.0" xmlns:zs="http://www.loc.gov/zing/srw/">
  <leader>00336nz  a2200121n  4500</leader>
  <controlfield tag="001">n  85344849 </controlfield>
  <controlfield tag="003">DLC</controlfield>
  <controlfield tag="005">19860528081019.9</controlfield>
  <controlfield tag="008">860521n| acannaab|          |n aaa |||  </controlfield>
  <datafield tag="010" ind1=" " ind2=" ">
    <subfield code="a">n  85344849 </subfield>
  </datafield>
  <datafield tag="040" ind1=" " ind2=" ">
    <subfield code="a">DLC</subfield>
    <subfield code="c">DLC</subfield>
    <subfield code="d">DLC</subfield>
  </datafield>
  <datafield tag="100" ind1="1" ind2="0">
    <subfield code="a">Petrescu, Barbu Gh.</subfield>
  </datafield>
  <datafield tag="670" ind1=" " ind2=" ">
    <subfield code="a">His Productivitatea muncii iĚn industrie, 1984:</subfield>
    <subfield code="b">t.p. (Barbu Gh. Petrescu)</subfield>
  </datafield>
</record>